<?xml version="1.0" encoding="UTF-8"?><collection xmlns="http://www.loc.gov/MARC21/slim"><record><leader>00542nam--2200169-i-4500</leader><controlfield tag="001">000016757</controlfield><controlfield tag="002">20161230</controlfield><controlfield tag="005">20161230201031</controlfield><controlfield tag="008">060222s1000------------r-----000-0-eng-d</controlfield><datafield ind1=" " ind2=" " tag="080"><subfield code="a">51</subfield></datafield><datafield ind1=" " ind2=" " tag="100"><subfield code="a">Barnsley, Michael F.; Demko, Stephen G. (Eds.)</subfield></datafield><datafield ind1=" " ind2=" " tag="245"><subfield code="a">Chaotic dynamics and fractals</subfield></datafield><datafield ind1=" " ind2=" " tag="260"><subfield code="a">Orlando, Academic Press ,Inc.,1986. Xi + 292 P</subfield></datafield><datafield ind1=" " ind2=" " tag="490"><subfield code="a">Notes And Reports In Mathematics In Science And Engineering</subfield><subfield code="v">vol. 2</subfield></datafield><datafield ind1=" " ind2=" " tag="700"><subfield code="a">Barnsley, Michael F. And Demko, Stephen G</subfield></datafield><datafield ind1=" " ind2=" " tag="852"><subfield code="a">74784</subfield></datafield><datafield ind1=" " ind2=" " tag="CAT"><subfield code="a">Sys</subfield><subfield code="c">20080421</subfield><subfield code="h">134050</subfield></datafield></record></collection>